@Book{Bernard03,
  author = 	 {Bernard Desgraupes},
  edition = 	 {second},
  title = 		 {{\LaTeX}, {A}pprentissage, guide et r{\'e}f{\'e}rence},
  publisher = 	 {Vuibert},
  year = 		 {2003},
  month = 	 {mar}
}


@InProceedings{Vikas01,
  author = 		 {Kawadia, Vikas},
  title = 		 {Protocols for Media Access Control and Power Control in Wireless Networks},
  booktitle = {40th IEEE Conference on Decision and Control},
  year = 	 {2001},
  month = 	 {mar}

}



@Article{xinhaochuli,
  author = 		 {{吴宇,刘晓旻,杨国光等}},
  title = 		 {光杠杆纳米微位移测量系统中的信号处理},
  journal = 	 {光电工程},
  year = 		 {2007},
  volume = 	 {34},
  number = 	 {7},
  pages = 	 {30-34,38},
  month = 	 {},
}

@Article{xianpengzhang,
  author = 		 {{唐军杰,杨翼,肖鸿宇等}},
  title = 		 {光杠杆法测定金属的线胀系数},
  journal = 	 {现代科学仪器},
  year = 		 {2012},
  volume = 	 {},
  number = 	 {6},
  pages = 	 {155-156},
  month = 	 {},
}

@Article{guangdian,
  author = 		 {{张炳恒,宫铁波}},
  title = 		 {光电光杠杆测微小位移系统的设计与应用},
  journal = 	 {计量技术},
  year = 		 {2003},
  volume = 	 {},
  number = 	 {10},
  pages = 	 {10-12},
  month = 	 {},
}

@Article{jiguangganshe,
  author = 		 {{段小艳，任冬梅}},
  title = 		 {激光干涉法微位移测量技术综述},
  journal = 	 {计测技术},
  year = 		 {2012},
  volume = 	 {32},
  number = 	 {6},
  pages = 	 {1-13},
  month = 	 {},
}

@Book{yuvtorgb,
  author = 	 {{Castleman K R}}, 
  edition = 	 {},
  title = 		 {Digital Image Processing},
  publisher = 	 {Prentice-Hall International Inc},
  year = 		 {1996},
  month = 	 { }
}

@Book{mathematicabook,
  author = 	 {{Stephen Wolfram}}, 
  edition = 	 {},
  title = 		 {Mathematica全书（第四版）},
  publisher = 	 {西安交通大学},
  year = 		 {2002},
  month = 	 { }
}

@Book{cookbook,
  author = 	 {{Sal Mangano}}, 
  edition = 	 {},
  title = 		 {Mathematica Cookbook},
  publisher = 	 {O'Reily Media Inc},
  year = 		 {2010},
  month = 	 { }
}
